@inproceedings{jackson2017vrn,
  title={Large pose 3D face reconstruction from a single image via direct volumetric CNN regression},
  author={Jackson, Aaron S and Bulat, Adrian and Argyriou, Vasileios and Tzimiropoulos, Georgios},
  booktitle={Computer Vision (ICCV), 2017 IEEE International Conference on},
  pages={1031--1039},
  year={2017},
  organization={IEEE}
}


@inproceedings{bogo2016smplify,
  title={Keep it SMPL: Automatic estimation of 3D human pose and shape from a single image},
  author={Bogo, Federica and Kanazawa, Angjoo and Lassner, Christoph and Gehler, Peter and Romero, Javier and Black, Michael J},
  booktitle={European Conference on Computer Vision},
  pages={561--578},
  year={2016},
  organization={Springer}
}

@article{h36m_pami,
author = {Ionescu, Catalin and Papava, Dragos and Olaru, Vlad and Sminchisescu,  Cristian},
title = {Human3.6M: Large Scale Datasets and Predictive Methods for 3D Human Sensing in Natural Environments},
journal = {IEEE Transactions on Pattern Analysis and Machine Intelligence},
publisher = {IEEE Computer Society},
volume = {36},
number = {7},
pages = {1325-1339},
month = {jul},
year = {2014}
}

@inproceedings{IonescuSminchisescu11,
author = {Catalin Ionescu, Fuxin Li, Cristian Sminchisescu},
title = {Latent Structured Models for Human Pose Estimation},
booktitle = {International Conference on Computer Vision},
year = {2011}
}

@inproceedings{bulat2016human,
    title={Human pose estimation via Convolutional Part Heatmap Regression},
    author={Bulat, Adrian and Tzimiropoulos, Georgios},
    booktitle={ECCV},
    year={2016}
}

@inproceedings{newell2016stacked,
  title={Stacked hourglass networks for human pose estimation},
  author={Newell, Alejandro and Yang, Kaiyu and Deng, Jia},
  booktitle={ECCV},
  year={2016}
}

@inproceedings{sigal2008combined,
  title={Combined discriminative and generative articulated pose and non-rigid shape estimation},
  author={Sigal, Leonid and Balan, Alexandru and Black, Michael J},
  booktitle={Advances in neural information processing systems},
  pages={1337--1344},
  year={2008}
}

@inproceedings{jackson2017vrn,
  title={Large pose 3D face reconstruction from a single image via direct volumetric CNN regression},
  author={Jackson, Aaron S and Bulat, Adrian and Argyriou, Vasileios and Tzimiropoulos, Georgios},
  booktitle={Computer Vision (ICCV), 2017 IEEE International Conference on},
  pages={1031--1039},
  year={2017},
  organization={IEEE}
}


@inproceedings{bogo2016smplify,
  title={Keep it SMPL: Automatic estimation of 3D human pose and shape from a single image},
  author={Bogo, Federica and Kanazawa, Angjoo and Lassner, Christoph and Gehler, Peter and Romero, Javier and Black, Michael J},
  booktitle={European Conference on Computer Vision},
  pages={561--578},
  year={2016},
  organization={Springer}
}

@article{h36m_pami,
author = {Ionescu, Catalin and Papava, Dragos and Olaru, Vlad and Sminchisescu,  Cristian},
title = {Human3.6M: Large Scale Datasets and Predictive Methods for 3D Human Sensing in Natural Environments},
journal = {IEEE Transactions on Pattern Analysis and Machine Intelligence},
publisher = {IEEE Computer Society},
volume = {36},
number = {7},
pages = {1325-1339},
month = {jul},
year = {2014}
}

@inproceedings{IonescuSminchisescu11,
author = {Catalin Ionescu, Fuxin Li, Cristian Sminchisescu},
title = {Latent Structured Models for Human Pose Estimation},
booktitle = {International Conference on Computer Vision},
year = {2011}
}

@inproceedings{bulat2016human,
    title={Human pose estimation via Convolutional Part Heatmap Regression},
    author={Bulat, Adrian and Tzimiropoulos, Georgios},
    booktitle={ECCV},
    year={2016}
}

@inproceedings{newell2016stacked,
  title={Stacked hourglass networks for human pose estimation},
  author={Newell, Alejandro and Yang, Kaiyu and Deng, Jia},
  booktitle={ECCV},
  year={2016}
}

@inproceedings{sigal2008combined,
  title={Combined discriminative and generative articulated pose and non-rigid shape estimation},
  author={Sigal, Leonid and Balan, Alexandru and Black, Michael J},
  booktitle={Advances in neural information processing systems},
  pages={1337--1344},
  year={2008}
}

@INPROCEEDINGS{5597194,
author={H. Jiang},
booktitle={2010 20th International Conference on Pattern Recognition},
title={3D Human Pose Reconstruction Using Millions of Exemplars},
year={2010},
volume={},
number={},
pages={1674-1677},
keywords={image reconstruction;pose estimation;visual databases;3D human pose reconstruction;depth ambiguity;exemplar based method;exemplar database;joint correspondences;monocular view;pose database;Databases;Humans;Image reconstruction;Joints;Nearest neighbor searches;Three dimensional displays;Torso;3D human pose estimation;exemplar based method},
doi={10.1109/ICPR.2010.414},
ISSN={1051-4651},
month={Aug}}

@inproceedings{lorensen1987marching,
  title={Marching cubes: A high resolution 3D surface construction algorithm},
  author={Lorensen, William E and Cline, Harvey E},
  booktitle={ACM siggraph computer graphics},
  volume={21},
  number={4},
  pages={163--169},
  year={1987},
  organization={ACM}
}


@inproceedings{qiu2017pseudo,
  title={Learning spatio-temporal representation with pseudo-3d residual networks},
  author={Qiu, Zhaofan and Yao, Ting and Mei, Tao},
  booktitle={2017 IEEE International Conference on Computer Vision (ICCV)},
  pages={5534--5542},
  year={2017},
  organization={IEEE}
}

@inproceedings{akhter2015pose,
  title={Pose-conditioned joint angle limits for 3D human pose reconstruction},
  author={Akhter, Ijaz and Black, Michael J},
  booktitle={Proceedings of the IEEE Conference on Computer Vision and Pattern Recognition},
  pages={1446--1455},
  year={2015}
}

@inproceedings{fan2014pose,
  title={Pose locality constrained representation for 3d human pose reconstruction},
  author={Fan, Xiaochuan and Zheng, Kang and Zhou, Youjie and Wang, Song},
  booktitle={European Conference on Computer Vision},
  pages={174--188},
  year={2014},
  organization={Springer}
}

@inproceedings{jain2014modeep,
  title={Modeep: A deep learning framework using motion features for human pose estimation},
  author={Jain, Arjun and Tompson, Jonathan and LeCun, Yann and Bregler, Christoph},
  booktitle={Asian conference on computer vision},
  pages={302--315},
  year={2014},
  organization={Springer}
}

@inproceedings{bulat2017binarized,
    title={Binarized convolutional landmark localizers for human pose estimation and face alignment with limited resources},
    author={Bulat, Adrian and Tzimiropoulos, Georgios},
    booktitle={International Conference on Computer Vision},
    year={2017}
}

@inproceedings{balan2007detailed,
  title={Detailed human shape and pose from images},
  author={Balan, Alexandru O and Sigal, Leonid and Black, Michael J and Davis, James E and Haussecker, Horst W},
  booktitle={2007 IEEE Conference on Computer Vision and Pattern Recognition},
  pages={1--8},
  year={2007},
  organization={IEEE}
}

@inproceedings{grest2005human,
  title={Human model fitting from monocular posture images},
  author={Grest, Daniel and Herzog, Dennis and Koch, Reinhard}
}

@inproceedings{guan2009estimating,
  title={Estimating human shape and pose from a single image},
  author={Guan, Peng and Weiss, Alexander and Balan, Alexandru O and Black, Michael J},
  booktitle={Computer Vision, 2009 IEEE 12th International Conference on},
  pages={1381--1388},
  year={2009},
  organization={IEEE}
}




@article{hinton2012neural,
  title={Neural networks for machine learning lecture 6a overview of mini-batch gradient descent},
  author={Hinton, Geoffrey and Srivastava, Nitish and Swersky, Kevin}
}

@inproceedings{ramakrishna2012reconstructing,
  title={Reconstructing 3d human pose from 2d image landmarks},
  author={Ramakrishna, Varun and Kanade, Takeo and Sheikh, Yaser},
  booktitle={European conference on computer vision},
  pages={573--586},
  year={2012},
  organization={Springer}
}

@inproceedings{chen2010inferring,
  title={Inferring 3D shapes and deformations from single views},
  author={Chen, Yu and Kim, Tae-Kyun and Cipolla, Roberto},
  booktitle={European Conference on Computer Vision},
  pages={300--313},
  year={2010},
  organization={Springer}
}

@inproceedings{jiang20103d,
  title={3d human pose reconstruction using millions of exemplars},
  author={Jiang, Hao},
  booktitle={Pattern Recognition (ICPR), 2010 20th International Conference on},
  pages={1674--1677},
  year={2010},
  organization={IEEE}
}

@inproceedings{anguelov2005scape,
  title={SCAPE: shape completion and animation of people},
  author={Anguelov, Dragomir and Srinivasan, Praveen and Koller, Daphne and Thrun, Sebastian and Rodgers, Jim and Davis, James},
  booktitle={ACM transactions on graphics (TOG)},
  volume={24},
  number={3},
  pages={408--416},
  year={2005},
  organization={ACM}
}

@inproceedings{varol2017learning,
  title={Learning from synthetic humans},
  author={Varol, G{\"u}l and Romero, Javier and Martin, Xavier and Mahmood, Naureen and Black, Michael J and Laptev, Ivan and Schmid, Cordelia},
  booktitle={2017 IEEE Conference on Computer Vision and Pattern Recognition (CVPR 2017)},
  pages={4627--4635},
  year={2017},
  organization={IEEE}
}

@article{loper2015smpl,
  title={SMPL: A skinned multi-person linear model},
  author={Loper, Matthew and Mahmood, Naureen and Romero, Javier and Pons-Moll, Gerard and Black, Michael J},
  journal={ACM Transactions on Graphics (TOG)},
  volume={34},
  number={6},
  pages={248},
  year={2015},
  publisher={ACM}
}

@inproceedings{he2016deep,
  title={Deep residual learning for image recognition},
  author={He, Kaiming and Zhang, Xiangyu and Ren, Shaoqing and Sun, Jian},
  booktitle={Proceedings of the IEEE conference on computer vision and pattern recognition},
  pages={770--778},
  year={2016}
}

@article{simonyan2014very,
  title={Very deep convolutional networks for large-scale image recognition},
  author={Simonyan, Karen and Zisserman, Andrew},
  journal={arXiv preprint arXiv:1409.1556},
  year={2014}
}

@inproceedings{li20143d,
  title={3d human pose estimation from monocular images with deep convolutional neural network},
  author={Li, Sijin and Chan, Antoni B},
  booktitle={Asian Conference on Computer Vision},
  pages={332--347},
  year={2014},
  organization={Springer}
}

@inproceedings{park20163d,
  title={3D human pose estimation using convolutional neural networks with 2D pose information},
  author={Park, Sungheon and Hwang, Jihye and Kwak, Nojun},
  booktitle={European Conference on Computer Vision},
  pages={156--169},
  year={2016},
  organization={Springer}
}

@article{sarafianos20163d,
  title={3d human pose estimation: A review of the literature and analysis of covariates},
  author={Sarafianos, Nikolaos and Boteanu, Bogdan and Ionescu, Bogdan and Kakadiaris, Ioannis A},
  journal={Computer Vision and Image Understanding},
  volume={152},
  pages={1--20},
  year={2016},
  publisher={Elsevier}
}

@article{tekin2016structured,
  title={Structured prediction of 3d human pose with deep neural networks},
  author={Tekin, Bugra and Katircioglu, Isinsu and Salzmann, Mathieu and Lepetit, Vincent and Fua, Pascal},
  journal={arXiv preprint arXiv:1605.05180},
  year={2016}
}

@inproceedings{tekin2016direct,
  title={Direct prediction of 3d body poses from motion compensated sequences},
  author={Tekin, Bugra and Rozantsev, Artem and Lepetit, Vincent and Fua, Pascal},
  booktitle={Proceedings of the IEEE Conference on Computer Vision and Pattern Recognition},
  pages={991--1000},
  year={2016}
}

@inproceedings{zhou2016deep,
  title={Deep kinematic pose regression},
  author={Zhou, Xingyi and Sun, Xiao and Zhang, Wei and Liang, Shuang and Wei, Yichen},
  booktitle={European Conference on Computer Vision},
  pages={186--201},
  year={2016},
  organization={Springer}
}

@inproceedings{chen2016synthesizing,
  title={Synthesizing training images for boosting human 3d pose estimation},
  author={Chen, Wenzheng and Wang, Huan and Li, Yangyan and Su, Hao and Wang, Zhenhua and Tu, Changhe and Lischinski, Dani and Cohen-Or, Daniel and Chen, Baoquan},
  booktitle={3D Vision (3DV), 2016 Fourth International Conference on},
  pages={479--488},
  year={2016},
  organization={IEEE}
}

@inproceedings{ghezelghieh2016learning,
  title={Learning camera viewpoint using CNN to improve 3D body pose estimation},
  author={Ghezelghieh, Mona Fathollahi and Kasturi, Rangachar and Sarkar, Sudeep},
  booktitle={3D Vision (3DV), 2016 Fourth International Conference on},
  pages={685--693},
  year={2016},
  organization={IEEE}
}

@inproceedings{zhou2016sparseness,
  title={Sparseness meets deepness: 3D human pose estimation from monocular video},
  author={Zhou, Xiaowei and Zhu, Menglong and Leonardos, Spyridon and Derpanis, Konstantinos G and Daniilidis, Kostas},
  booktitle={Proceedings of the IEEE conference on computer vision and pattern recognition},
  pages={4966--4975},
  year={2016}
}

@inproceedings{pavlakos2017coarse,
  title={Coarse-to-fine volumetric prediction for single-image 3D human pose},
  author={Pavlakos, Georgios and Zhou, Xiaowei and Derpanis, Konstantinos G and Daniilidis, Kostas},
  booktitle={Computer Vision and Pattern Recognition (CVPR), 2017 IEEE Conference on},
  pages={1263--1272},
  year={2017},
  organization={IEEE}
}

@article{mehta2017vnect,
  title={Vnect: Real-time 3d human pose estimation with a single rgb camera},
  author={Mehta, Dushyant and Sridhar, Srinath and Sotnychenko, Oleksandr and Rhodin, Helge and Shafiei, Mohammad and Seidel, Hans-Peter and Xu, Weipeng and Casas, Dan and Theobalt, Christian},
  journal={ACM Transactions on Graphics (TOG)},
  volume={36},
  number={4},
  pages={44},
  year={2017},
  publisher={ACM}
}

@article{Dyna:SIGGRAPH:2015,
 title = {Dyna: A Model of Dynamic Human Shape in Motion},
 author = {Pons-Moll, Gerard and Romero, Javier and Mahmood, Naureen and Black, Michael J.},
 month = aug,
 number = {4},
 volume = {34},
 pages = {120:1--120:14},
 journal = {ACM Transactions on Graphics, (Proc. SIGGRAPH)},
 year = {2015}
}

@InProceedings{Zanfir_2018_CVPR,
author = {Zanfir, Andrei and Marinoiu, Elisabeta and Sminchisescu, Cristian},
title = {Monocular 3D Pose and Shape Estimation of Multiple People in Natural Scenes - The Importance of Multiple Scene Constraints},
booktitle = {The IEEE Conference on Computer Vision and Pattern Recognition (CVPR)},
month = {June},
year = {2018}
}

@InProceedings{Joo_2018_CVPR,
author = {Joo, Hanbyul and Simon, Tomas and Sheikh, Yaser},
title = {Total Capture: A 3D Deformation Model for Tracking Faces, Hands, and Bodies},
booktitle = {The IEEE Conference on Computer Vision and Pattern Recognition (CVPR)},
month = {June},
year = {2018}
}

@article{gross2005generic,
  title={Generic vs. person specific active appearance models},
  author={Gross, R. and Matthews, I. and Baker, S.},
  journal={Image and Vision Computing},
  volume={23},
  number={12},
  pages={1080--1093},
  year={2005}
}


@inproceedings{xiao2004real,
  title={Real-time combined 2D+3D active appearance models},
  author={Xiao, J. and Baker, S. and Matthews, I. and Kanade, T.},
  booktitle={CVPR},
  year={2004}
}


@article{gross2006active,
  title={Active appearance models with occlusion},
  author={Gross, R. and Matthews, I. and Baker, S.},
  journal={Image and Vision Computing},
  volume={24},
  number={6},
  pages={593--604},
  year={2006}
}

@inproceedings{liu2007generic,
  title={Generic face alignment using boosted appearance model},
  author={Liu, X.},
  booktitle={CVPR},
  year={2007}
}

@inproceedings{wu2008face,
  title={Face alignment via boosted ranking model},
  author={Wu, H. and Liu, X. and Doretto, G.},
  booktitle={CVPR},
  year={2008}
}

@inproceedings{liu2011optimal,
  title={Optimal gradient pursuit for face alignment},
  author={Liu, X.},
  booktitle={FG},
  year={2011}
}



@article{zhang2008discriminative,
  title={Discriminative learning for deformable shape segmentation: A comparative study},
  author={Zhang, J. and Zhou, S. and Comaniciu, D. and McMillan, L.},
  journal={ECCV},
  year={2008}
}



@article{lucey2009efficient,
  title={Efficient constrained local model fitting for non-rigid face alignment},
  author={Lucey, S. and Wang, Y. and Cox, M. and Sridharan, S. and Cohn, J.F.},
  journal={Image and Vision Computing},
  volume={27},
  number={12},
  pages={1804--1813},
  year={2009}
}



@inproceedings{liu2007gradient,
  title={Gradient feature selection for online boosting},
  author={Liu, X. and Yu, T.},
  booktitle={ICCV},
  year={2007}
}





@inproceedings{navarathna2011fourier,
  title={Fourier Active Appearance Models},
  author={Navarathna, R. and Sridharan, S. and Lucey, S.},
  booktitle={ICCV},
  year={2011}
}


@inproceedings{ramnath2008increasing,
  title={Increasing the density of active appearance models},
  author={Ramnath, K. and Baker, S. and Matthews, I. and Ramanan, D.},
  booktitle={CVPR},
  year={2008}
}


@article{xu2011physics,
  title={A Physics-Based Analysis of Image Appearance Models},
  author={Xu, Y. and Roy-Chowdhury, A.},
  journal={IEEE TPAMI},
  number={99},
  pages={1--1},
  year={2011}
}


@article{cootes2001active,
  title={Active appearance models},
  author={Cootes, T.F. and Edwards, G.J. and Taylor, C.J.},
  journal={TPAMI},
  volume={23},
  number={6},
  pages={681--685},
  year={2001}
}


@inproceedings{ramanan2011,
  title={Face detection, pose estimation, and landmark estimation in the wild.},
  author={Zhu, X. and Ramanan, D.},
  booktitle={CVPR},
  year={2012}
}

@inproceedings{tzimiropoulos2011robust,
  title={Robust and efficient parametric face alignment},
  author={Tzimiropoulos, G. and Zafeiriou, S. and Pantic, M.},
  booktitle={ICCV},
  year={2011}
}

@article{tzimiropoulos2012subspace,
  title={Subspace Learning from Image Gradient Orientations},
  author={Tzimiropoulos, G. and Zafeiriou, S. and Pantic, M.},
  journal={IEEE TPAMI},
  volume={34},
  number={12},
  pages={2454--2466},
  year={2012}
}

@inproceedings{cootes2001representing,
  title={On representing edge structure for model matching},
  author={Cootes, T.F. and Taylor, C.J.},
  booktitle={CVPR},
  year={2001}
}

@article{de2003framework,
  title={A framework for robust subspace learning},
  author={De La Torre, F. and Black, M.J.},
  journal={IJCV},
  volume={54},
  number={1},
  pages={117--142},
  year={2003}
}

@article{baker2003lucas,
  title={Lucas-kanade 20 years on: Part 3},
  author={Baker, S. and Gross, R. and Matthews, I.},
  journal={Robotics Institute, Carnegie Mellon University, Tech. Rep. CMU-RI-TR-03-35},
  year={2003}
}

@article{evangelidis2008parametric,
  title={Parametric image alignment using enhanced correlation coefficient maximization},
  author={Evangelidis, G.D. and Psarakis, E.Z.},
  journal={IEEE TPAMI},
  volume={30},
  number={10},
  pages={1858--1865},
  year={2008}
}

@inproceedings{messer1999xm2vtsdb,
  title={XM2VTSDB: The extended M2VTS database},
  author={Messer, K. and Matas, J. and Kittler, J. and Luettin, J. and Maitre, G.},
  booktitle={2nd international conference on audio and video-based biometric person authentication},
  volume={964},
  pages={965--966},
  year={1999},
}

@inproceedings{patel20093d,
  title={3D morphable face models revisited},
  author={Patel, A. and Smith, W.A.P.},
  booktitle={CVPR},
  year={2009},
}

@article{gross2010multi,
  title={Multi-pie},
  author={Gross, R. and Matthews, I. and Cohn, J. and Kanade, T. and Baker, S.},
  journal={Image and Vision Computing},
  volume={28},
  number={5},
  pages={807--813},
  year={2010},
}

@inproceedings{basso2003regularized,
  title={Regularized 3d morphable models},
  author={Basso, C. and Vetter, T. and Blanz, V.},
  booktitle={Higher-Level Knowledge in 3D Modeling and Motion Analysis, 2003. First IEEE International Workshop on},
  year={2003},
}



@inproceedings{le2012interactive,
  title={Interactive facial feature localization},
  author={Le, Vuong and Brandt, Jonathan and Lin, Zhe and Bourdev, Lubomir and Huang, Thomas S},
  booktitle={ECCV},
  year={2012},
}

@inproceedings{cootes2012robust,
  title={Robust and accurate shape model fitting using random forest regression voting},
  author={Cootes, Tim F and Ionita, Mircea C and Lindner, Claudia and Sauer, Patrick},
  booktitle={ECCV},
  year={2012},
}

@incollection{martins2012discriminative,
  title={Discriminative bayesian active shape models},
  author={Martins, Pedro and Caseiro, Rui and Henriques, Jo{\~a}o F and Batista, Jorge},
  booktitle={ECCV},
  year={2012},
}

@inproceedings{xiongsupervised,
  title={Supervised Descent Method and its Applications to Face Alignment},
  author={Xiong, Xuehan and De la Torre, Fernando},
  booktitle={CVPR},
  year={2013},
}

@article{liwicki2013euler,
  title={Euler Principal Component Analysis},
  author={Liwicki, Stephan and Tzimiropoulos, Georgios and Zafeiriou, Stefanos and Pantic, Maja},
  journal={International Journal of Computer Vision},
  volume={101},
  number={3},
  pages={498--518},
  year={2013},
  publisher={Springer}
}

@inproceedings{kittipanya2006effect,
  title={The effect of texture representations on AAM performance},
  author={Kittipanya-ngam, P and Cootes, TF},
  booktitle={ICPR},
  year={2006},
}

@inproceedings{papandreou2008adaptive,
  title={Adaptive and constrained algorithms for inverse compositional active appearance model fitting},
  author={Papandreou, George and Maragos, Petros},
  booktitle={CVPR 2008},
  year={2008},
}

@inproceedings{lucas1981iterative,
  title={An iterative image registration technique with an application to stereo vision},
  author={Lucas, Bruce D and Kanade, Takeo and others},
  booktitle={Proceedings of the 7th international joint conference on Artificial intelligence},
  year={1981}
}



@article{gross2005generic,
  title={Generic vs. person specific active appearance models},
  author={Gross, R. and Matthews, I. and Baker, S.},
  journal={Image and Vision Computing},
  volume={23},
  number={12},
  pages={1080--1093},
  year={2005}
}


@inproceedings{belhumeur2011localizing,
  title={Localizing parts of faces using a consensus of exemplars},
  author={Belhumeur, P.N. and Jacobs, D.W. and Kriegman, D.J. and Kumar, N.},
  booktitle={CVPR},
  year={2011}
}

@inproceedings{de2008parameterized,
  title={Parameterized kernel principal component analysis: Theory and applications to supervised and unsupervised image alignment},
  author={De la Torre, Fernando and Nguyen, Minh Hoai},
  booktitle={CVPR},
  year={2008},
}

@inproceedings{cristinacce2006feature,
  title={Feature Detection and Tracking with Constrained Local Models.},
  author={Cristinacce, D. and Cootes, T.F.},
  booktitle={BMVC},
  year={2006}
}

@inproceedings{xiao2004real,
  title={Real-time combined 2D+3D active appearance models},
  author={Xiao, J. and Baker, S. and Matthews, I. and Kanade, T.},
  booktitle={CVPR},
  year={2004}
}


@article{gross2006active,
  title={Active appearance models with occlusion},
  author={Gross, R. and Matthews, I. and Baker, S.},
  journal={Image and Vision Computing},
  volume={24},
  number={6},
  pages={593--604},
  year={2006}
}

@inproceedings{liu2007generic,
  title={Generic face alignment using boosted appearance model},
  author={Liu, X.},
  booktitle={CVPR},
  year={2007}
}

@inproceedings{wu2008face,
  title={Face alignment via boosted ranking model},
  author={Wu, H. and Liu, X. and Doretto, G.},
  booktitle={CVPR},
  year={2008}
}

@inproceedings{liu2011optimal,
  title={Optimal gradient pursuit for face alignment},
  author={Liu, X.},
  booktitle={FG},
  year={2011}
}


@article{saragih2009learning,
  title={Learning AAM fitting through simulation},
  author={Saragih, J. and Gocke, R.},
  journal={Pattern Recognition},
  volume={42},
  number={11},
  pages={2628--2636},
  year={2009}
}




@article{zhang2008discriminative,
  title={Discriminative learning for deformable shape segmentation: A comparative study},
  author={Zhang, J. and Zhou, S. and Comaniciu, D. and McMillan, L.},
  journal={ECCV},
  year={2008}
}


@inproceedings{wang2008enforcing,
  title={Enforcing convexity for improved alignment with constrained local models},
  author={Wang, Y. and Lucey, S. and Cohn, J.F.},
  booktitle={CVPR},
  year={2008}
}



@inproceedings{liu2007gradient,
  title={Gradient feature selection for online boosting},
  author={Liu, X. and Yu, T.},
  booktitle={ICCV},
  year={2007}
}



@inproceedings{saragih2007nonlinear,
  title={A nonlinear discriminative approach to AAM fitting},
  author={Saragih, J. and Goecke, R.},
  booktitle={ICCV},
  year={2007}
}




@inproceedings{navarathna2011fourier,
  title={Fourier Active Appearance Models},
  author={Navarathna, R. and Sridharan, S. and Lucey, S.},
  booktitle={ICCV},
  year={2011}
}


@inproceedings{ramnath2008increasing,
  title={Increasing the density of active appearance models},
  author={Ramnath, K. and Baker, S. and Matthews, I. and Ramanan, D.},
  booktitle={CVPR},
  year={2008}
}


@article{xu2011physics,
  title={A Physics-Based Analysis of Image Appearance Models},
  author={Xu, Y. and Roy-Chowdhury, A.},
  journal={IEEE TPAMI},
  number={99},
  pages={1--1},
  year={2011}
}


@article{matthews2004active,
  title={Active appearance models revisited},
  author={Matthews, I. and Baker, S.},
  journal={IJCV},
  volume={60},
  number={2},
  pages={135--164},
  year={2004}
}


@article{cootes1995active,
  title={Active shape models-their training and application},
  author={Cootes, T.F. and Taylor, C.J. and Cooper, D.H. and Graham, J.},
  journal={CVIU},
  volume={61},
  number={1},
  pages={38--59},
  year={1995}
}


@article{cristinacce2008automatic,
  title={Automatic feature localisation with constrained local models},
  author={Cristinacce, D. and Cootes, T.},
  journal={Pattern Recognition},
  volume={41},
  number={10},
  pages={3054--3067},
  year={2008}
}


@article{saragih2011deformable,
  title={Deformable model fitting by regularized landmark mean-shift},
  author={Saragih, J.M. and Lucey, S. and Cohn, J.F.},
  journal={IJCV},
  volume={91},
  number={2},
  pages={200--215},
  year={2011}
}

@inproceedings{valstar2010facial,
  title={Facial point detection using boosted regression and graph models},
  author={Valstar, M. and Martinez, B. and Binefa, X. and Pantic, M.},
  booktitle={CVPR},
  year={2010}
}


@inproceedings{tzimiropoulos2011robust,
  title={Robust and efficient parametric face alignment},
  author={Tzimiropoulos, G. and Zafeiriou, S. and Pantic, M.},
  booktitle={ICCV},
  year={2011}
}

@article{tzimiropoulos2012subspace,
  title={Subspace Learning from Image Gradient Orientations},
  author={Tzimiropoulos, G. and Zafeiriou, S. and Pantic, M.},
  journal={IEEE TPAMI},
  year={to appear}
}

@inproceedings{cootes2001representing,
  title={On representing edge structure for model matching},
  author={Cootes, T.F. and Taylor, C.J.},
  booktitle={CVPR},
  year={2001}
}

@article{de2003framework,
  title={A framework for robust subspace learning},
  author={De La Torre, F. and Black, M.J.},
  journal={IJCV},
  volume={54},
  number={1},
  pages={117--142},
  year={2003}
}

@article{baker2003lucas,
  title={Lucas-kanade 20 years on: Part 3},
  author={Baker, S. and Gross, R. and Matthews, I.},
  journal={Robotics Institute, Carnegie Mellon University, Tech. Rep. CMU-RI-TR-03-35},
  year={2003}
}

@article{evangelidis2008parametric,
  title={Parametric image alignment using enhanced correlation coefficient maximization},
  author={Evangelidis, G.D. and Psarakis, E.Z.},
  journal={IEEE TPAMI},
  volume={30},
  number={10},
  pages={1858--1865},
  year={2008}
}

@inproceedings{messer1999xm2vtsdb,
  title={XM2VTSDB: The extended M2VTS database},
  author={Messer, K. and Matas, J. and Kittler, J. and Luettin, J. and Maitre, G.},
  booktitle={2nd international conference on audio and video-based biometric person authentication},
  volume={964},
  pages={965--966},
  year={1999},
}

@inproceedings{patel20093d,
  title={3D morphable face models revisited},
  author={Patel, A. and Smith, W.A.P.},
  booktitle={CVPR},
  year={2009},
}

@article{gross2010multi,
  title={Multi-pie},
  author={Gross, R. and Matthews, I. and Cohn, J. and Kanade, T. and Baker, S.},
  journal={Image and Vision Computing},
  volume={28},
  number={5},
  pages={807--813},
  year={2010},
}

@inproceedings{basso2003regularized,
  title={Regularized 3d morphable models},
  author={Basso, C. and Vetter, T. and Blanz, V.},
  booktitle={Higher-Level Knowledge in 3D Modeling and Motion Analysis, 2003. First IEEE International Workshop on},
  year={2003},
}

@INPROCEEDINGS{Cao2012shaperegression,
title={Face alignment by Explicit Shape Regression},
author={Xudong Cao and Yichen Wei and Fang Wen and Jian Sun},
booktitle={CVPR},
year={2012},
}

@inproceedings{lucas1981iterative,
  title={An iterative image registration technique with an application to stereo vision},
  author={Lucas, Bruce D and Kanade, Takeo and others},
  booktitle={7th International Joint Conference on Artificial Intelligence},
  year={1981}
}

@article{hager1998efficient,
  title={Efficient region tracking with parametric models of geometry and illumination},
  author={Hager, Gregory D. and Belhumeur, Peter N.},
  journal={IEEE TPAMI},
  volume={20},
  number={10},
  pages={1025--1039},
  year={1998},
}


@article{batur2005adaptive,
  title={Adaptive active appearance models},
  author={Batur, Aziz Umit and Hayes, Monson H},
  journal={IEEE TIP},
  volume={14},
  number={11},
  pages={1707--1721},
  year={2005},
}

@inproceedings{netzell2008efficient,
  title={Efficient image inner products applied to active appearance models},
  author={Netzell, Karl and Solem, Jan Erik},
  booktitle={ICPR},
  year={2008},
}

@article{lucey2012fourier,
  title={Fourier Lucas-Kanade Algorithm},
  author={Lucey, Simon and Navarathna, Rajitha and Ashraf, A and Sridharan, Sridha},
  journal={IEEE TPAMI},
  volume={35},
  number={6},
  pages={1383--1396},
  year={2013},
}


@article{martins2012generative,
  title={Generative face alignment through 2.5 D active appearance models},
  author={Martins, Pedro and Caseiro, Rui and Batista, Jorge},
  journal={CVIU},
  year={2012},
}


@book{boyd2004convex,
  title={Convex optimization},
  author={Boyd, Stephen and Vandenberghe, Lieven},
  year={2004},
  publisher={Cambridge university press}
}

@inproceedings{sagonas2013semi,
  title={A semi-automatic methodology for facial landmark annotation},
  author={Sagonas, Christos and Tzimiropoulos, Georgios and Zafeiriou, Stefanos and Pantic, Maja},
  booktitle={CVPR-W},
  year={2013},
}

@article{lowe2004distinctive,
  title={Distinctive image features from scale-invariant keypoints},
  author={Lowe, David G},
  journal={IJCV},
  volume={60},
  number={2},
  pages={91--110},
  year={2004},
}


@incollection{gu2008generative,
  title={A generative shape regularization model for robust face alignment},
  author={Gu, Leon and Kanade, Takeo},
  booktitle={ECCV},
  year={2008},
}


@inproceedings{dalal2005histograms,
  title={Histograms of oriented gradients for human detection},
  author={Dalal, Navneet and Triggs, Bill},
  booktitle={CVPR},
  year={2005},
}


@inproceedings{tzimiropoulos2013optimization,
  title={Optimization problems for fast AAM fitting in-the-wild},
  author={Tzimiropoulos, Georgios and Pantic, Maja},
  booktitle={ICCV},
  year={2013},
}

@inproceedings{baltruvsaitis2013constrained,
  title={Constrained local neural fields for robust facial landmark detection in the wild},
  author={Baltru{\v{s}}aitis, Tadas and Robinson, Peter and Morency, Louis-Philippe},
  booktitle={ICCV-W},
  year={2013}
}

@incollection{tzimiropoulos2013generic,
  title={Generic active appearance models revisited},
  author={Tzimiropoulos, Georgios and Alabort-i-Medina, Joan and Zafeiriou, Stefanos and Pantic, Maja},
  booktitle={ACCV 2012},
  year={2013},
}

@article{felzenszwalb2010object,
  title={Object detection with discriminatively trained part-based models},
  author={Felzenszwalb, Pedro F and Girshick, Ross B and McAllester, David and Ramanan, Deva},
  journal={IEEE TPAMI},
  volume={32},
  number={9},
  pages={1627--1645},
  year={2010},
}

@article{shotton2013efficient,
  title={Efficient human pose estimation from single depth images},
  author={Shotton, Jamie and Girshick, Ross and Fitzgibbon, Andrew and Sharp, Toby and Cook, Mat and Finocchio, Mark and Moore, Richard and Kohli, Pushmeet and Criminisi, Antonio and Kipman, Alex and others},
  journal={IEEE TPAMI},
  volume={35},
  number={12},
  pages={2821--2840},
  year={2013},
}

@inproceedings{fanelli2011real,
  title={Real time head pose estimation with random regression forests},
  author={Fanelli, Gabriele and Gall, Juergen and Van Gool, Luc},
  booktitle={CVPR},
  year={2011},
}

@inproceedings{tan2014deformable,
  title={Deformable Template Tracking in 1ms},
  author={Tan, David Joseph and Holzer, Stefan and Navab, Nassir and Ilic, Slobodan},
  booktitle={BMVC},
  year={2014},
}

@article{nicolaou2012output,
  title={Output-associative rvm regression for dimensional and continuous emotion prediction},
  author={Nicolaou, Mihalis A and Gunes, Hatice and Pantic, Maja},
  journal={IVCJ},
  volume={30},
  number={3},
  pages={186--196},
  year={2012},
}

@book{bishop2006pattern,
  title={Pattern recognition and machine learning},
  author={Bishop, Christopher M},
  year={2006},
  publisher={springer New York}
}

@article{smola2004tutorial,
  title={A tutorial on support vector regression},
  author={Smola, Alex J and Sch{\"o}lkopf, Bernhard},
  journal={Statistics and computing},
  volume={14},
  number={3},
  pages={199--222},
  year={2004},
}

@article{friedman2001greedy,
  title={Greedy function approximation: a gradient boosting machine},
  author={Friedman, Jerome H},
  journal={Annals of Statistics},
  pages={1189--1232},
  year={2001},
}

@book{rasmussen2006gaussian,
  title={Gaussian processes for machine learning},
  author={Rasmussen, Carl Edward},
  year={2006},
  publisher = {MIT Press}
}

@inproceedings{krizhevsky2012imagenet,
  title={Imagenet classification with deep convolutional neural networks},
  author={Krizhevsky, Alex and Sutskever, Ilya and Hinton, Geoffrey E},
  booktitle={NIPS},
  year={2012}
}

@inproceedings{dollar2010cascaded,
  title={Cascaded pose regression},
  author={Doll{\'a}r, Piotr and Welinder, Peter and Perona, Pietro},
  booktitle={CVPR},
  year={2010},
}

@inproceedings{ren2014face,
  title={Face Alignment at 3000 FPS via Regressing Local Binary Features},
  author={Ren, Shaoqing and Cao, Xudong and Wei, Yichen and Sun, Jian},
  booktitle={CVPR},
  year={2014},
}

@inproceedings{kazemi2014one,
  title={One Millisecond Face Alignment with an Ensemble of Regression Trees},
  author={Kazemi, Vahid and Josephine, Sullivan},
  booktitle={CVPR},
  year={2014},
}

@inproceedings{sun2013deep,
  title={Deep convolutional network cascade for facial point detection},
  author={Sun, Yi and Wang, Xiaogang and Tang, Xiaoou},
  booktitle={CVPR},
  year={2013},
}

@incollection{triggs2000bundle,
  title={Bundle adjustment: a modern synthesis},
  author={Triggs, Bill and McLauchlan, Philip F and Hartley, Richard I and Fitzgibbon, Andrew W},
  booktitle={Vision algorithms: theory and practice},
  pages={298--372},
  year={2000},
  publisher={Springer}
}

@article{lour09,
    author= {M.I. A. Lourakis and A.A. Argyros},
    title= {SBA: A Software Package for Generic Sparse Bundle Adjustment},
    journal= {ACM TOMS},
    volume={36},
    number={1},
    year={2009},
    pages={1--30},
}


@inproceedings{henriques2012exploiting,
  title={Exploiting the circulant structure of tracking-by-detection with kernels},
  author={Henriques, Jo{\~a}o F and Caseiro, Rui and Martins, Pedro and Batista, Jorge},
  booktitle={ECCV},
  year={2012},
}

@inproceedings{galoogahi2013multi,
  title={Multi-Channel Correlation Filters},
  author={Galoogahi, Hamed Kiani and Sim, Terence and Lucey, Simon},
  booktitle={ICCV},
  year={2013},
}

@inproceedings{asthana2014incremental,
  title={Incremental Face Alignment in the Wild},
  author={Asthana, Akshay and Zafeiriou, Stefanos and Cheng, Shiyang and Pantic, Maja},
  booktitle={CVPR},
  year={2014},
}

@inproceedings{tzimiropoulos2014gauss,
  title={Gauss-newton deformable part models for face alignment in-the-wild},
  author={Tzimiropoulos, Georgios and Pantic, Maja},
  booktitle={CVPR},
  year={2014},
}

@article{baker2004lucas,
  title={Lucas-kanade 20 years on: A unifying framework},
  author={Baker, Simon and Matthews, Iain},
  journal={IJCV},
  volume={56},
  number={3},
  pages={221--255},
  year={2004},
}

@inproceedings{yang2013sieving,
  title={Sieving regression forest votes for facial feature detection in the wild},
  author={Yang, Heng and Patras, Ioannis},
  booktitle={ICCV},
  year={2013},
}

@incollection{yang2013face,
  title={Face parts localization using structured-output regression forests},
  author={Yang, Heng and Patras, Ioannis},
  booktitle={ACCV 2012},
  year={2013},
}

@inproceedings{tzimiropoulos2015project,
  title={Project-out cascaded regression with an application to face alignment},
  author={Tzimiropoulos, Georgios},
  booktitle={CVPR},
  year={2015}
}

@inproceedings{xiong2015global,
  title={Global Supervised Descent Method},
  author={Xiong, Xuehan and De la Torre, Fernando},
  booktitle={CVPR},
  year={2015}
}

@article{lucey2010non,
  title={Non-rigid face tracking with enforced convexity and local appearance consistency constraint},
  author={Lucey, Simon and Wang, Yang and Saragih, Jason and Cohn, Jeffery F},
  journal={Image and vision computing},
  volume={28},
  number={5},
  pages={781--789},
  year={2010},
  publisher={Elsevier}
}

@article{hamarneh2004deformable,
  title={Deformable spatio-temporal shape models: extending active shape models to 2D+ time},
  author={Hamarneh, Ghassan and Gustavsson, Tomas},
  journal={Image and Vision Computing},
  volume={22},
  number={6},
  pages={461--470},
  year={2004},
  publisher={Elsevier}
}

@inproceedings{dalal2005histograms,
  title={Histograms of oriented gradients for human detection},
  author={Dalal, Navneet and Triggs, Bill},
  booktitle={CVPR},
  year={2005},
}

@article{felzenszwalb2010object,
  title={Object detection with discriminatively trained part-based models},
  author={Felzenszwalb, Pedro F and Girshick, Ross B and McAllester, David and Ramanan, Deva},
  journal={IEEE TPAMI},
  volume={32},
  number={9},
  pages={1627--1645},
  year={2010},
}


@inproceedings{pirsiavash2012steerable,
  title={Steerable part models},
  author={Pirsiavash, Hamed and Ramanan, Deva},
  booktitle={CVPR},
  year={2012},
}

@article{yupose,
  title={Pose-free Facial Landmark Fitting via Optimized Part Mixtures and Cascaded Deformable Shape Model},
  author={Yu, Xiang and Huang, Junzhou and Zhang, Shaoting and Yan, Wang and Metaxas, Dimitris N},
  booktitle={ICCV},
  year={2013},
}

@article{felzenszwalb2005pictorial,
  title={Pictorial structures for object recognition},
  author={Felzenszwalb, Pedro F and Huttenlocher, Daniel P},
  journal={IJCV},
  volume={61},
  number={1},
  pages={55--79},
  year={2005},
}


@article{naseem2010linear,
  title={Linear regression for face recognition},
  author={Naseem, Imran and Togneri, Roberto and Bennamoun, Mohammed},
  journal={IEEE TPAMI},
  volume={32},
  number={11},
  pages={2106--2112},
  year={2010},
}

@inproceedings{zhang2011sparse,
  title={Sparse representation or collaborative representation: Which helps face recognition?},
  author={Zhang, D and Yang, Meng and Feng, Xiangchu},
  booktitle={ICCV},
  year={2011},
}

@inproceedings{burgos2013robust,
  title={Robust face landmark estimation under occlusion},
  author={Burgos-Artizzu, Xavier P and Perona, Pietro and Doll{\'a}r, Piotr},
  booktitle={ICCV},
  year={2013},
}

@incollection{yu2014consensus,
  title={Consensus of regression for occlusion-robust facial feature localization},
  author={Yu, Xiang and Lin, Zhe and Brandt, Jonathan and Metaxas, Dimitris N},
  booktitle={ECCV},
  year={2014},
}

@incollection{cootes2012robust,
  title={Robust and accurate shape model fitting using random forest regression voting},
  author={Cootes, Tim F and Ionita, Mircea C and Lindner, Claudia and Sauer, Patrick},
  booktitle={ECCV},
  year={2012},
}

@article{boyd2011distributed,
  title={Distributed optimization and statistical learning via the alternating direction method of multipliers},
  author={Boyd, Stephen and Parikh, Neal and Chu, Eric and Peleato, Borja and Eckstein, Jonathan},
  journal={Foundations and Trends{\textregistered} in Machine Learning},
  volume={3},
  number={1},
  pages={1--122},
  year={2011},
  publisher={Now Publishers Inc.}
}

@inproceedings{li2015convolutional,
  title={A Convolutional Neural Network Cascade for Face Detection},
  author={Li, Haoxiang and Lin, Zhe and Shen, Xiaohui and Brandt, Jonathan and Hua, Gang},
  booktitle={CVPR},
  year={2015}
}

@inproceedings{yang2015facial,
  title={From Facial Parts Responses to Face Detection: A Deep Learning Approach},
  author={Yang, Shuo and Luo, Ping and Loy, Chen Change and Tang, Xiaoou},
  booktitle={ICCV},
  year={2015}
}

@article{ranjan2015deep,
  title={A Deep Pyramid Deformable Part Model for Face Detection},
  author={Ranjan, Rajeev and Patel, Vishal M and Chellappa, Rama},
  journal={arXiv preprint arXiv:1508.04389},
  year={2015}
}

@inproceedings{ghiasi2015occlusion,
  title={Occlusion Coherence: Detecting and Localizing Occluded Faces},
  author={Ghiasi, Golnaz and Fowlkes, Charless C},
  booktitle={CVPR},
  year={2014}
}

@inproceedings{Shen15,
  title={The first facial landmark tracking in-the-wild challenge: Benchmark and results},
  author={Shen, J and Zafeiriou, S. and Chrysos, G.S. and Kossaifi, J. and Tzimiropoulos, G. and Pantic, M.},
  booktitle={ICCV-W},
  year={2015}
}


@inproceedings{yang2013sieving,
  title={Sieving regression forest votes for facial feature detection in the wild},
  author={Yang, Heng and Patras, Ioannis},
  booktitle={ICCV},
  year={2013},
}

@incollection{yang2013face,
  title={Face parts localization using structured-output regression forests},
  author={Yang, Heng and Patras, Ioannis},
  booktitle={ACCV 2012},
  year={2013},
}

@inproceedings{viola2001rapid,
  title={Rapid object detection using a boosted cascade of simple features},
  author={Viola, Paul and Jones, Michael},
  booktitle={CVPR},
  year={2001},
}

@incollection{mathias2014face,
  title={Face detection without bells and whistles},
  author={Mathias, Markus and Benenson, Rodrigo and Pedersoli, Marco and Van Gool, Luc},
  booktitle={ECCV},
  year={2014},
}

@article{jain2010fddb,
  title={Fddb: A benchmark for face detection in unconstrained settings},
  author={Jain, Vidit and Learned-Miller, Erik G},
  journal={UMass Amherst Technical Report},
  year={2010},
}

@incollection{chen2014joint,
  title={Joint Cascade Face Detection and Alignment},
  author={Chen, Dong and Ren, Shaoqing and Wei, Yichen and Cao, Xudong and Sun, Jian},
  booktitle={ECCV},
  year={2014},
}


@inproceedings{chen2013blessing,
  title={Blessing of dimensionality: High-dimensional feature and its efficient compression for face verification},
  author={Chen, Dong and Cao, Xudong and Wen, Fang and Sun, Jian},
  booktitle={CVPR},
  year={2013},
}

@article{chew2012pursuit,
  title={In the pursuit of effective affective computing: The relationship between features and registration},
  author={Chew, Sien W and Lucey, Patrick and Lucey, Simon and Saragih, Jason and Cohn, Jeffrey F and Matthews, Iain and Sridharan, Sridha},
  journal={IEEE SMC-B},
  volume={42},
  number={4},
  pages={1006--1016},
  year={2012},
}

@inproceedings{yan2013learn,
  title={Learn to combine multiple hypotheses for accurate face alignment},
  author={Yan, Junjie and Lei, Zhen and Yi, Dong and Li, Stan Z},
  booktitle={ICCV-W},
  year={2013},
}

@article{matthews2004template,
  title={The template update problem},
  author={Matthews, Iain and Ishikawa, Takahiro and Baker, Simon},
  journal={IEEE Transactions on Pattern Analysis \& Machine Intelligence},
  number={6},
  pages={810--815},
  year={2004},
  publisher={IEEE}
}

@inproceedings{peng2016recurrent,
  title={A Recurrent Encoder-Decoder Network for Sequential Face Alignment},
  author={Peng, Xi and Feris, Rogerio S and Wang, Xiaoyu and Metaxas, Dimitris N},
  booktitle={ECCV},
  year={2016},
}

@inproceedings{peng2015piefa,
  title={Piefa: Personalized incremental and ensemble face alignment},
  author={Peng, Xi and Zhang, Shaoting and Yang, Yu and Metaxas, Dimitris N},
  booktitle={ICCV},
  year={2015}
}

@inproceedings{sanchez2016cascaded,
  title={Cascaded continuous regression for real-time incremental face tracking},
  author={S{\'a}nchez-Lozano, Enrique and Martinez, Brais and Tzimiropoulos, Georgios and Valstar, Michel},
  booktitle={ECCV},
  year={2016},
}

@inproceedings{sagonas2014raps,
  title={Raps: Robust and efficient automatic construction of person-specific deformable models},
  author={Sagonas, Christos and Panagakis, Yannis and Zafeiriou, Stefanos and Pantic, Maja},
  booktitle={CVPR},
  year={2014},
}

@inproceedings{zhu2015face,
  title={Face alignment by coarse-to-fine shape searching},
  author={Zhu, Shizhan and Li, Cheng and Change Loy, Chen and Tang, Xiaoou},
  booktitle={CVPR},
  year={2015}
}

@inproceedings{trigeorgis2016mnemonic,
  title={Mnemonic Descent Method: A recurrent process applied for end-to-end face alignment},
  author={Trigeorgis, George and Snape, Patrick and Nicolaou, Mihalis A and Antonakos, Epameinondas and Zafeiriou, Stefanos},
  booktitle={CVPR},
  year={2016}
}

@inproceedings{yang2015facial,
  title={Facial shape tracking via spatio-temporal cascade shape regression},
  author={Yang, Jing and Deng, Jiankang and Zhang, Kaihua and Liu, Qingshan},
  booktitle={ICCV-W},
  year={2015}
}

@inproceedings{xiao2015facial,
  title={Facial landmark detection via progressive initialization},
  author={Xiao, Shengtao and Yan, Shuicheng and Kassim, Ashraf A},
  booktitle={ICCV-W},
  year={2015}
}

@article{chrysos2016comprehensive,
  title={A Comprehensive Performance Evaluation of Deformable Face Tracking" In-the-Wild"},
  author={Chrysos, Grigorios G and Antonakos, Epameinondas and Snape, Patrick and Asthana, Akshay and Zafeiriou, Stefanos},
  journal={arXiv preprint arXiv:1603.06015},
  year={2016}
}

@article{boyd2011distributed,
  title={Distributed optimization and statistical learning via the alternating direction method of multipliers},
  author={Boyd, Stephen and Parikh, Neal and Chu, Eric and Peleato, Borja and Eckstein, Jonathan},
  journal={Foundations and Trends{\textregistered} in Machine Learning},
  volume={3},
  number={1},
  pages={1--122},
  year={2011},
  publisher={Now Publishers Inc.}
}

@inproceedings{McDonagh2016,
  title={Joint face detection and alignment using a deformable Hough Transform model},
  author={McDonagh, John and Tzimiropoulos, Georgios},
  booktitle={ECCV-W},
  year={2016}
}

@article{simonyan2014very,
  title={Very deep convolutional networks for large-scale image recognition},
  author={Simonyan, Karen and Zisserman, Andrew},
  journal={arXiv preprint arXiv:1409.1556},
  year={2014}
}

@inproceedings{blanz1999morphable,
  title={A morphable model for the synthesis of 3D faces},
  author={Blanz, Volker and Vetter, Thomas},
  booktitle={Computer graphics and interactive techniques},
  year={1999},
}

@article{kemelmacher20113d,
  title={3d face reconstruction from a single image using a single reference face shape},
  author={Kemelmacher-Shlizerman, Ira and Basri, Ronen},
  journal={IEEE TPAMI},
  volume={33},
  number={2},
  pages={394--405},
  year={2011},
}

@inproceedings{kemelmacher2011face,
  title={Face reconstruction in the wild},
  author={Kemelmacher-Shlizerman, Ira and Seitz, Steven M},
  booktitle={ICCV},
  year={2011},
}

@inproceedings{suwajanakorn2014total,
  title={Total moving face reconstruction},
  author={Suwajanakorn, Supasorn and Kemelmacher-Shlizerman, Ira and Seitz, Steven M},
  booktitle={ECCV},
  year={2014},
}

@inproceedings{roth2016adaptive,
  title={Adaptive 3D face reconstruction from unconstrained photo collections},
  author={Roth, Joseph and Tong, Yiying and Liu, Xiaoming},
  booktitle={CVPR},
  year={2016},
}

@inproceedings{eigen2015predicting,
  title={Predicting depth, surface normals and semantic labels with a common multi-scale convolutional architecture},
  author={Eigen, David and Fergus, Rob},
  booktitle={ICCV},
  year={2015}
}

@inproceedings{eigen2014depth,
  title={Depth map prediction from a single image using a multi-scale deep network},
  author={Eigen, David and Puhrsch, Christian and Fergus, Rob},
  booktitle={NIPS},
  year={2014}
}

@inproceedings{li2015depth,
  title={Depth and surface normal estimation from monocular images using regression on deep features and hierarchical CRFs},
  author={Li, Bo and Shen, Chunhua and Dai, Yuchao and van den Hengel, Anton and He, Mingyi},
  booktitle={CVPR},
  year={2015}
}

@inproceedings{laina2016deeper,
  title={Deeper Depth Prediction with Fully Convolutional Residual Networks},
  author={Laina, Iro and Rupprecht, Christian and Belagiannis, Vasileios and Tombari, Federico and Navab, Nassir},
  booktitle={IEEE 3DV},
  year={2016}
}

@inproceedings{newell2016stacked,
  title={Stacked hourglass networks for human pose estimation},
  author={Newell, Alejandro and Yang, Kaiyu and Deng, Jia},
  booktitle={ECCV},
  year={2016}
}

@article{zhang2014bp4d,
  title={BP4D-Spontaneous: a high-resolution spontaneous 3D dynamic facial expression database},
  author={Zhang, Xing and Yin, Lijun and Cohn, Jeffrey F and Canavan, Shaun and Reale, Michael and Horowitz, Andy and Liu, Peng and Girard, Jeffrey M},
  journal={Image and Vision Computing},
  volume={32},
  number={10},
  pages={692--706},
  year={2014},
}

@inproceedings{pfister2015flowing,
  title={Flowing convnets for human pose estimation in videos},
  author={Pfister, Tomas and Charles, James and Zisserman, Andrew},
  booktitle={ICCV},
  year={2015}
}

@inproceedings{tompson2015efficient,
  title={Efficient object localization using convolutional networks},
  author={Tompson, Jonathan and Goroshin, Ross and Jain, Arjun and LeCun, Yann and Bregler, Christoph},
  booktitle={CVPR},
  year={2015}
}

@inproceedings{long2015fully,
  title={Fully convolutional networks for semantic segmentation},
  author={Long, Jonathan and Shelhamer, Evan and Darrell, Trevor},
  booktitle={CVPR},
  year={2015}
}

@inproceedings{romdhani2005estimating,
  title={Estimating 3D shape and texture using pixel intensity, edges, specular highlights, texture constraints and a prior},
  author={Romdhani, Sami and Vetter, Thomas},
  booktitle={CVPR},
  year={2005},
}

@article{zhu2016face,
  title={Face alignment across large poses: A 3D solution},
  author={Zhu, Xiangyu and Lei, Zhen and Liu, Xiaoming and Shi, Hailin and Li, Stan Z},
  booktitle={CVPR},
  year={2016},
}

@inproceedings{jourabloo2016large,
  title={Large-pose face alignment via CNN-based dense 3D model fitting},
  author={Jourabloo, Amin and Liu, Xiaoming},
  year={2016},
  booktitle={CVPR}
}

@inproceedings{liu2016joint,
  title={Joint face alignment and 3D face reconstruction},
  author={Liu, Feng and Zeng, Dan and Zhao, Qijun and Liu, Xiaoming},
  booktitle={ECCV},
  year={2016},
}

@article{richardson2016learning,
  title={Learning Detailed Face Reconstruction from a Single Image},
  author={Richardson, Elad and Sela, Matan and Or-El, Roy and Kimmel, Ron},
  journal={arXiv preprint arXiv:1611.05053},
  year={2016}
}

@article{tulsiani2016learning,
  title={Learning Shape Abstractions by Assembling Volumetric Primitives},
  author={Tulsiani, Shubham and Su, Hao and Guibas, Leonidas J and Efros, Alexei A and Malik, Jitendra},
  journal={arXiv preprint arXiv:1612.00404},
  year={2016}
}

@article{pavlakos2016coarse,
  title={Coarse-to-Fine Volumetric Prediction for Single-Image 3D Human Pose},
  author={Pavlakos, Georgios and Zhou, Xiaowei and Derpanis, Konstantinos G and Daniilidis, Kostas},
  journal={arXiv preprint arXiv:1611.07828},
  year={2016}
}

@inproceedings{paysan20093d,
  title={A 3D face model for pose and illumination invariant face recognition},
  author={Paysan, Pascal and Knothe, Reinhard and Amberg, Brian and Romdhani, Sami and Vetter, Thomas},
  booktitle={AVSS},
  year={2009},
}

@article{cao2014facewarehouse,
  title={Facewarehouse: A 3d facial expression database for visual computing},
  author={Cao, Chen and Weng, Yanlin and Zhou, Shun and Tong, Yiying and Zhou, Kun},
  journal={IEEE TVCG},
  volume={20},
  number={3},
  year={2014},
}

@article{he2015deep,
  title={Deep residual learning for image recognition},
  author={He, Kaiming and Zhang, Xiangyu and Ren, Shaoqing and Sun, Jian},
  booktitle={CVPR},
  year={2016}
}

@inproceedings{jackson2016guided,
  title={A CNN Cascade for Landmark Guided Semantic Part Segmentation},
  author={Jackson, Aaron and Valstar, Michel and Tzimiropoulos, Georgios},
  booktitle={Proceedings of ECCV 2016 Workshops, Geometry meets Deep Learning},
  year={2016}
}


@InProceedings{masi2d3dFaceData,
author = {"Bagdanov, Andrew D. and Masi, Iacopo and Del Bimbo, Alberto"},
title = "The Florence 2D/3D Hybrid Face Datset",
booktitle = "Proc. of ACM Multimedia Int.’l Workshop on Multimedia access to 3D Human Objects (MA3HO’11)",
month = "December",
year = "2011",
publisher = "ACM Press",
organization = "ACM",
days=30,
month=8,
year=2011
}

@inproceedings{yin2008high,
  title={A high-resolution 3D dynamic facial expression database},
  author={Yin, Lijun and Chen, Xiaochen and Sun, Yi and Worm, Tony and Reale, Michael},
  booktitle={Automatic Face \& Gesture Recognition, 2008. FG'08. 8th IEEE International Conference on},
  pages={1--6},
  year={2008},
  organization={IEEE}
}

@INPROCEEDINGS{aflw2011,
    author = {Martin Koestinger and Paul Wohlhart and Peter M. Roth and Horst Bischof},
    title = {Annotated Facial Landmarks in the Wild: A Large-scale, Real-world
        Database for Facial Landmark Localization},
    booktitle = {First IEEE International Workshop on Benchmarking Facial Image Analysis Technologies},
    year = {2011},
    weblink = {http://lrs.icg.tugraz.at/pubs/koestinger_befit_11.pdf}
}

@inproceedings{huber2016multiresolution,
  title={A multiresolution 3D Morphable Face Model and fitting framework},
  author={Huber, Patrik and Hu, Guosheng and Tena, Rafael and Mortazavian, Pouria and Koppen, Willem P and Christmas, William and R{\"a}tsch, Matthias and Kittler, Josef}
}

@PROCEEDINGS{bfm09,
  title={A 3D Face Model for Pose and Illumination Invariant Face Recognition},
            author={P. Paysan and R. Knothe and B. Amberg
                    and S. Romdhani and T. Vetter},
            journal={Proceedings of the 6th IEEE International Conference on Advanced Video and Signal based Surveillance (AVSS)
                 for Security, Safety and Monitoring in Smart Environments},
            organization={IEEE},
            year={2009},
            address     = {Genova, Italy},
            }

@article{tran2016regressing,
  title={Regressing Robust and Discriminative 3D Morphable Models with a very Deep Neural Network},
  author={Tran, Anh Tuan and Hassner, Tal and Masi, Iacopo and Medioni, Gerard},
  journal={arXiv preprint arXiv:1612.04904},
  year={2016}
}
@article{choy20163d,
  title={3d-r2n2: A unified approach for single and multi-view 3d object reconstruction},
  author={Choy, Christopher B and Xu, Danfei and Gwak, JunYoung and Chen, Kevin and Savarese, Silvio},
  journal={arXiv preprint arXiv:1604.00449},
  year={2016}
}
